<?xml version="1.0" encoding="utf-8"?>
<record xmlns="http://www.loc.gov/MARC21/slim" xmlns:xsi="http://www.w3.org/2001/XMLSchema-instance" xsi:schemaLocation="http://www.loc.gov/MARC21/slim http://www.loc.gov/standards/marcxml/schema/MARC21slim.xsd">
	<leader>     nam a22        4500</leader>
	<controlfield tag="001">3121222</controlfield>
	<controlfield tag="003">NNC</controlfield>
	<controlfield tag="006">m        d        </controlfield>
	<controlfield tag="007">cr cn |||m|||a</controlfield>
	<controlfield tag="008">150723s1947    ua      o     000 0 ara d</controlfield>
	<datafield ind1=" " ind2=" " tag="040">
		<subfield code="a">NNU</subfield>
		<subfield code="b">eng</subfield>
		<subfield code="e">rda</subfield>
		<subfield code="c">NNU</subfield>
	</datafield>
	<datafield ind1=" " ind2=" " tag="090">
		<subfield code="a">BP130.4.W336</subfield>
		<subfield code="b">M88 1947</subfield>
	</datafield>
	<datafield ind1="1" ind2=" " tag="100">
		<subfield code="6">880-01</subfield>
		<subfield code="a">Mutawallī, Muḥammad ibn Aḥmad,</subfield>
		<subfield code="d">-1895 or 1896.</subfield>
	</datafield>
	<datafield ind1="0" ind2="0" tag="245">
		<subfield code="6">880-02</subfield>
		<subfield code="a">Fatḥ al-muʻṭī wa-ghunyat al-muqrī fī sharḥ Muqaddimat Warsh al-Miṣri /</subfield>
		<subfield code="c">taʼlīf Muḥammad ibn Aḥmad ibn ʻAbd-Allāh al-Ḍarīr al-shahīr bi-al-Mutawallī (shaykh al-maqāriʼ al-Miṣrīyah sābiqan, al-mutawaffā fī sanat 1313 h.) rājaʻahu wa-ḥaqqaqahū wa-kataba muqaddimatahū Zaydān Abū-al-Makārim Ḥasan, wa-qāma bi-murājaʻatihi al-nihāʼīyah al-shaykh ʻAlī Muhammad al-Dabbāʻ (shaykh al-maqāriʼ al- Miṣrīyah al-hālī).</subfield>
	</datafield>
	<datafield ind1=" " ind2=" " tag="260">
		<subfield code="6">880-03</subfield>
		<subfield code="a">[al-Qāhirah] :</subfield>
		<subfield code="b">[Maktabat al-Qāhirah li-ṣāḥibihā ʻAlī Yūsuf Sulaymān],</subfield>
		<subfield code="c">1367 h., 1947 m.</subfield>
	</datafield>
	<datafield ind1=" " ind2=" " tag="300">
		<subfield code="a">online resource (16, 175 pages)</subfield>
	</datafield>
	<datafield ind1=" " ind2=" " tag="336">
		<subfield code="a">text</subfield>
		<subfield code="2">rdacontent</subfield>
	</datafield>
	<datafield ind1=" " ind2=" " tag="337">
		<subfield code="a">computer</subfield>
		<subfield code="2">rdamedia</subfield>
	</datafield>
	<datafield ind1=" " ind2=" " tag="338">
		<subfield code="a">online resource</subfield>
		<subfield code="2">rdacarrier</subfield>
	</datafield>
	<datafield ind1=" " ind2=" " tag="500">
		<subfield code="a">Title page follows introductory pages.</subfield>
	</datafield>
	<datafield ind1=" " ind2=" " tag="500">
		<subfield code="a">Part of the Arabic Collections Online (ACO) project, contributed by Columbia University Libraries.</subfield>
	</datafield>
	<datafield ind1=" " ind2=" " tag="533">
		<subfield code="a">Electronic reproduction.</subfield>
		<subfield code="b">New York, N.Y. :</subfield>
		<subfield code="c">New York University,</subfield>
		<subfield code="d">2015.</subfield>
		<subfield code="5">NNU</subfield>
	</datafield>
	<datafield ind1="1" ind2="0" tag="600">
		<subfield code="6">880-04</subfield>
		<subfield code="a">Warsh al-Miṣrī, ʻUthmān ibn Saʻīd,</subfield>
		<subfield code="d">728 or 729-812 or 813.</subfield>
		<subfield code="t">Muqaddimah.</subfield>
	</datafield>
	<datafield ind1="0" ind2="0" tag="630">
		<subfield code="a">Qurʼan</subfield>
		<subfield code="v">Commentaries.</subfield>
	</datafield>
	<datafield ind1="1" ind2=" " tag="700">
		<subfield code="6">880-05</subfield>
		<subfield code="a">Abū al-Makārim, Zaydān. </subfield>
	</datafield>
	<datafield ind1="2" ind2=" " tag="710">
		<subfield code="a">Columbia University.</subfield>
		<subfield code="b">Libraries.</subfield>
	</datafield>
	<datafield ind1="0" ind2=" " tag="730">
		<subfield code="a">Arabic Collections Online.</subfield>
	</datafield>
	<datafield ind1="0" ind2="8" tag="776">
		<subfield code="i">Print version:</subfield>
		<subfield code="a">Mutawallī, Muḥammad ibn Aḥmad, -1895 or 1896.</subfield>
		<subfield code="t">Fatḥ al-muʻṭī wa-ghunyat al-muqrī fī sharḥ Muqaddimat Warsh al-Miṣri</subfield>
		<subfield code="w">(NNC)3121222</subfield>
		<subfield code="w">(OCoLC)48196642</subfield>
	</datafield>
	<datafield ind1="4" ind2="0" tag="856">
		<subfield code="u">http://hdl.handle.net/2333.1/tqjq2fch</subfield>
	</datafield>
	<datafield ind1="1" ind2=" " tag="880">
		<subfield code="6">100-01</subfield>
		<subfield code="a">متولي، محمد بن احمد،</subfield>
		<subfield code="d">-1895 or 1896.</subfield>
	</datafield>
	<datafield ind1="0" ind2="0" tag="880">
		<subfield code="6">245-02</subfield>
		<subfield code="a">فتح المعطي وغنية المقري في شرح مقدمة ورش المصري /</subfield>
		<subfield code="c">تأليف محمد بن احمد بن عبدالاه الضرير الشهير بالمتولي (شيخ المقارئ المصرية سابقن، المتوفا في سنة 1313 ه.) راجعه وحققهوا وكتب مقدمتهوا زيدان ابوالمكارم حسن، وقام بمراجعته النهائية الشيخ علي مهمد الدباع (شيخ المقارئ ال مصرية الهالي).</subfield>
	</datafield>
	<datafield ind1=" " ind2=" " tag="880">
		<subfield code="6">260-03</subfield>
		<subfield code="a">[القاهرة] :</subfield>
		<subfield code="b">[مكتبة القاهرة لصاحبها علي يوسف سليمان]،</subfield>
		<subfield code="c">1367 ه.، 1947 م.</subfield>
	</datafield>
	<datafield ind1="1" ind2="4" tag="880">
		<subfield code="6">600-04</subfield>
		<subfield code="a">ورش المصري، عثمان بن سعيد،</subfield>
		<subfield code="d">728 or 729-812 or 813.</subfield>
		<subfield code="t">مقدمة.</subfield>
	</datafield>
	<datafield ind1="1" ind2=" " tag="880">
		<subfield code="6">700-05</subfield>
		<subfield code="a">ابو المكارم، زيدان.  </subfield>
	</datafield>
	<datafield ind1=" " ind2=" " tag="959">
		<subfield code="a">NNU</subfield>
		<subfield code="b">WEB</subfield>
		<subfield code="c">GENI</subfield>
		<subfield code="t">0</subfield>
		<subfield code="m">Electronic access</subfield>
		<subfield code="s">01</subfield>
	</datafield>
	<datafield ind1=" " ind2=" " tag="999">
		<subfield code="i">NNC_3121222</subfield>
		<subfield code="o">(OCoLC)ocm48196642</subfield>
		<subfield code="s">columbia_aco000735</subfield>
		<subfield code="e">(ERROR-880)</subfield>
		<subfield code="s">columbia_aco000735</subfield>
	</datafield>
</record>
